@misc{wikipedia-uml,
  author = {Wikipedia},
  title = {Unified Modeling Language},
  howpublished = {\url{https://pl.wikipedia.org/wiki/Unified_Modeling_Language} [dostęp 2021-12-29] },
}

@misc{cal-metamodel,
  author = {BalticLSC},
  title = {Metamodel języka CAL},
  howpublished = {\url{https://www.balticlsc.eu/model/EARoot/EA4/EA2/EA404.htm} [dostęp 2021-12-29] },
}

@misc{sirius-web-github,
  author = {Eclipse},
  title = {Repozytorium projektu \emph{Sirius Web} na platformie GitHub},
  howpublished = {\url{https://github.com/eclipse-sirius/sirius-web} [dostęp 2021-12-29] },
}

@misc{react-diagrams-github,
  author = {{Project Storm}},
  title = {Repozytorium projektu \emph{react-diagrams} na platformie GitHub},
  howpublished = {\url{https://github.com/projectstorm/react-diagrams} [dostęp 2021-12-29] },
}

@misc{cytoscape-js-homepage,
  title = {Strona główna projektu \emph{Cytoscape.js}},
  howpublished = {\url{https://js.cytoscape.org/} [dostęp 2021-12-29] },
}

@misc{vis-network-github,
  author = {visjs},
  title = {Repozytorium projektu \emph{vis-network} na platformie GitHub},
  howpublished = {\url{https://github.com/visjs/vis-network} [dostęp 2021-12-29] },
}

@misc{eclipse-sirius-wikipedia,
  author = {Wikipedia},
  title = {Eclipse Sirius},
  howpublished = {\url{https://en.wikipedia.org/wiki/Eclipse_Sirius} [dostęp 2021-12-29] },
}

@misc{images-more-effective-article,
  author = {easelly},
  title = {Text vs. Images: Which Content Format is Effective?},
  howpublished = {\url{https://www.easel.ly/blog/text-vs-images-which-content-format-effective/} [dostęp 2022-01-02] },
}

% TODO: dodać więcej atrybutów tego dokumentu, np. wersję, numer dokumentu
@misc{uml-omg-specification,
  author = {{Object Management Group}},
  title = {Specyfikacja \gls{UML}},
  howpublished = {\url{https://www.omg.org/spec/UML/} [dostęp 2022-01-02] },
}

% TODO: użyć specyfikacji ze strony OMG
@misc{bpmn2-metamodel,
  author = {Modelio},
  title = {Metamodel BPMN2},
  howpublished = {\url{https://www.modelio.org/documentation/metamodel-3.8/76.html} [dostęp 2022-01-02] },
}

@article{entity-relationship-metamodel,
  author = "Robson N. Fidalgo and Edson Alves and Sergio España and Jaelson Castro and Oscar Pastor",
  title = {Metamodeling the Enhanced Entity-Relationship Model},
  journal = {Journal of Information and Data Management},
  year = {2013},
  month = {11},
  volume = {4},
  number = {3},
  pages = {406-420},
  note = {\url{ https://periodicos.ufmg.br/index.php/jidm/article/view/224/166}, [dostęp 2022-01-02]},
}

@book{from-requirements-to-java-in-a-snap,
  author = {Michał Śmiałek and Wiktor Nowakowski},
  title = {From Requirements to Java in a Snap},
  publisher = {Springer},
  year = {2015},
  ISBN = {978-3-319-12837-5},
}

@misc{visual-studio-dsl-introduction,
  author = {Microsoft},
  title = {Wprowadzenie do języków specyficznych dla domeny},
  howpublished = {\url{https://docs.microsoft.com/pl-pl/visualstudio/modeling/getting-started-with-domain-specific-languages?view=vs-2022} [dostęp 2022-01-02] },
}

@misc{sirius-desktop-homepage,
  author = {Eclipse},
  title = {Strona główna \emph{Sirius Desktop}},
  howpublished = {\url{https://www.eclipse.org/sirius/} [dostęp 2022-01-02] },
}

@misc{dokumentacja-sirius-desktop,
  author = {Eclipse},
  title = {Dokumentacja \emph{Sirius Desktop}},
  howpublished = {\url{https://www.eclipse.org/sirius/doc/} [dostęp 2022-01-02] },
}

@misc{dokumentacja-aql,
  author = {Eclipse},
  title = {Dokumentacja języka \emph{AQL}},
  howpublished = {\url{https://www.eclipse.org/sirius/doc/specifier/general/Writing_Queries.html} [dostęp 2022-01-02] },
}

@misc{sirius-components-repo-first-commit,
  title = {Pierwsze modyfikacje repozytorium \emph{sirius-components} w serwisie \emph{GitHub}},
  howpublished = {\url{ https://github.com/eclipse-sirius/sirius-components/commits/master?after=84e48c55a68881e52896af53dd1bd9e2caca166c+0&branch=master} [dostęp 2022-01-03] },
},

@misc{react-homepage,
  author = {Facebook},
  title = {Strona główna biblioteki \emph{React}},
  howpublished = {\url{https://pl.reactjs.org/} [dostęp 2022-01-03] },
}

@misc{java-spring-homepage,
  title = {Strona główna narzędzia \emph{Java Spring}},
  howpublished = {\url{https://spring.io/} [dostęp 2022-01-03] },
}

@misc{graphql-homepage,
  title = {Strona główna języka zapytań \emph{GraphQL}},
  howpublished = {\url{https://graphql.org/} [dostęp 2022-01-03] },
}

@misc{postgresql-homepage,
  title = {Strona główna bazy danych \emph{PostgreSQL}},
  howpublished = {\url{https://www.postgresql.org/} [dostęp 2022-01-03] },
}

@misc{graphql-subscriptions,
  author = {{Apollo GraphQL}},
  title = {Opis \emph{GraphQL Subscriptions}},
  howpublished = {\url{https://www.apollographql.com/docs/react/data/subscriptions/} [dostęp 2022-01-03] },
}

@misc{wikipedia-websocket,
  author = {Wikipedia},
  title = {\emph{WebSocket}},
  howpublished = {\url{https://pl.wikipedia.org/wiki/WebSocket} [dostęp 2022-01-03] },
}

@misc{sirius-desktop-documentation-style-customizations,
  author = {Eclipse},
  title = {Opis stylów warunkowych metamodelu w dokumentacji \emph{Sirius Desktop}},
  howpublished = {\url{https://www.eclipse.org/sirius/doc/specifier/diagrams/Diagrams.html\#customization} [dostęp 2022-01-06] },
}

@misc{sirius-desktop-documentation-tools,
  author = {Eclipse},
  title = {Opis tworzenia narzędzi metamodelu w dokumentacji \emph{Sirius Desktop}},
  howpublished = {\url{https://www.eclipse.org/sirius/doc/specifier/diagrams/Diagrams.html\#tools} [dostęp 2022-01-06] },
}

@misc{sirius-desktop-documentation-validation-rules,
  author = {Eclipse},
  title = {Opis tworzenia reguł walidacji semantycznej w dokumentacji \emph{Sirius Desktop}},
  howpublished = {\url{https://www.eclipse.org/sirius/doc/specifier/diagrams/Diagrams.html\#validation} [dostęp 2022-01-07] },
}

@misc{junit-test-tutorial,
  author = {Vogella},
  title = {Poradnik tworzenia testów jednostkowych w pakiecie \emph{JUnit}},
  howpublished = {\url{https://www.vogella.com/tutorials/JUnit/article.html} [dostęp 2022-01-07] },
}

@misc{flow-network-github,
  author = {{Obeo Network}},
  title = {Repozytorium projektu \emph{Flow-Designer} na platformie GitHub},
  howpublished = {\url{https://github.com/ObeoNetwork/Flow-Designer} [dostęp 2022-01-08] },
}

@misc{maven-homepage,
  author = {{Apache Software Foundation}},
  title = {Strona główna projektu \emph{Apache Maven}},
  howpublished = {\url{https://maven.apache.org/} [dostęp 2022-01-08] },
}

@misc{maven-tycho-tutorial,
  author = {Vogella},
  title = {Poradnik wykorzystania projektów \emph{Eclipse} w \emph{Apache Maven}},
  howpublished = {\url{https://www.vogella.com/tutorials/EclipseTycho/article.html} [dostęp 2022-01-08] },
}

@misc{maven-tycho-homepage,
  author = {Eclipse},
  title = {Strona główna projektu \emph{Maven Tycho}},
  howpublished = {\url{https://www.eclipse.org/tycho/sitedocs/tycho-maven-plugin/index.html} [dostęp 2022-01-08] },
}

@misc{maven-surefire-plugin-homepage,
  author = {Eclipse},
  title = {Strona główna rozszerzenia \emph{Maven Surefire}},
  howpublished = {\url{https://maven.apache.org/surefire/maven-surefire-plugin/} [dostęp 2022-01-08] },
}

@misc{cors-documentation,
  author = {{Mozilla Developer Network}},
  title = {Dokumentacja mechanizmu \emph{CORS}},
  howpublished = {\url{https://developer.mozilla.org/en-US/docs/Web/HTTP/CORS} [dostęp 2022-01-08] },
}

@misc{typescript-homepage,
  author = {Microsoft},
  title = {Strona główna języka \emph{TypeScript}},
  howpublished = {\url{https://www.typescriptlang.org/} [dostęp 2022-01-09] },
}

@misc{material-ui-homepage,
  title = {Strona główna biblioteki \emph{Material UI}},
  howpublished = {\url{https://v4.mui.com/} [dostęp 2022-01-09] },
}

@misc{wikipedia-dfs,
  author = {Wikipedia},
  title = {Przeszukiwanie grafu w głąb},
  howpublished = {\url{https://pl.wikipedia.org/wiki/Przeszukiwanie_w_g\%C5\%82\%C4\%85b} [dostęp 2022-01-09] },
}

@misc{vue-homepage,
  title = {Strona główna biblioteki \emph{Vue.js}},
  howpublished = {\url{https://vuejs.org/} [dostęp 2022-01-11] },
}

@misc{mdn-dom,
  author = {{Mozilla Developer Network}},
  title = {Dokumentacja drzewa \gls{DOM}},
  howpublished = {\url{https://developer.mozilla.org/pl/docs/Glossary/DOM} [dostęp 2022-01-11] },
}

@misc{nodejs-esm-documentation,
  author = {{OpenJS Foundation}},
  title = {Dokumentacja standardu modułów JavaScript \acrfull{ESM}},
  howpublished = {\url{https://nodejs.org/docs/latest-v17.x/api/esm.html} [dostęp 2022-01-11] },
}

@misc{nodejs-commonjs-documentation,
  author = {{OpenJS Foundation}},
  title = {Dokumentacja standardu modułów JavaScript \emph{CommonJS}},
  howpublished = {\url{https://nodejs.org/docs/latest-v17.x/api/modules.html} [dostęp 2022-01-11] },
}

@misc{parcel-homepage,
  author = {Devon Govett},
  title = {Strona główna narzędzia \emph{Parcel}},
  howpublished = {\url{https://parceljs.org/} [dostęp 2022-01-11] },
}

@misc{fp-ts-github,
  author = {Giulio Canti},
  title = {Repozytorium biblioteki \emph{fp-ts}},
  howpublished = {\url{https://github.com/gcanti/fp-ts} [dostęp 2022-01-11] },
}

@misc{network-throttling-profiles-stackoverflow,
  author = {{Phillip, StackOverflow}},
  title = {Informacje o szybkości sztucznie ograniczonego połączenia internetowego w \emph{Google Chrome}},
  howpublished = {\url{https://stackoverflow.com/a/48682519/4874344} [dostęp 2022-01-13] },
}

@misc{sirius-components-changelog,
  author = {Eclipse},
  title = {Lista zmian w nowych wersjach projektu \emph{sirius-components} w serwisie \emph{GitHub}},
  howpublished = {\url{https://github.com/eclipse-sirius/sirius-components/blob/master/CHANGELOG.adoc} [dostęp 2022-01-15] },
}

@misc{wikipedia-docker,
  author = {Wikipedia},
  title = {Technologia \emph{Docker}},
  howpublished = {\url{https://pl.wikipedia.org/wiki/Docker_(oprogramowanie)} [dostęp 2022-01-16] },
}
